{"seed":[1371,63916,20595,53644,39913,14442,29381,54054,3822,7284,64060,46814],"turns":6,"p1":"cielbakasan","p2":"Blue Ghost Rider","p1team":[{"name":"Infernape","species":"Infernape","moves":["flareblitz","swordsdance","machpunch","closecombat"],"ability":"Iron Fist","evs":{"hp":85,"atk":85,"def":85,"spa":85,"spd":85,"spe":85},"ivs":{"hp":31,"atk":31,"def":31,"spa":31,"spd":31,"spe":31},"item":"Life Orb","level":77,"shiny":false},{"name":"Tyrantrum","species":"Tyrantrum","moves":["dragondance","outrage","earthquake","superpower"],"ability":"Rock Head","evs":{"hp":85,"atk":85,"def":85,"spa":85,"spd":85,"spe":85},"ivs":{"hp":31,"atk":31,"def":31,"spa":31,"spd":31,"spe":31},"item":"Lum Berry","level":79,"shiny":false},{"name":"Shedinja","species":"Shedinja","moves":["xscissor","shadowsneak","willowisp","swordsdance"],"ability":"Wonder Guard","evs":{"hp":85,"atk":85,"def":85,"spa":85,"spd":85,"spe":85},"ivs":{"hp":31,"atk":31,"def":31,"spa":31,"spd":31,"spe":31},"item":"Focus Sash","level":79,"shiny":false},{"name":"Steelix","species":"Steelix","moves":["earthquake","heavyslam","roar","toxic"],"ability":"Sturdy","evs":{"hp":85,"atk":85,"def":85,"spa":85,"spd":85,"spe":85},"ivs":{"hp":31,"atk":31,"def":31,"spa":31,"spd":31,"spe":31},"item":"Steelixite","level":75,"shiny":false},{"name":"Snorlax","species":"Snorlax","moves":["bodyslam","earthquake","whirlwind","firepunch"],"ability":"Thick Fat","evs":{"hp":85,"atk":85,"def":85,"spa":85,"spd":85,"spe":85},"ivs":{"hp":31,"atk":31,"def":31,"spa":31,"spd":31,"spe":31},"item":"Leftovers","level":79,"shiny":false},{"name":"Solgaleo","species":"Solgaleo","moves":["sunsteelstrike","earthquake","stoneedge","flareblitz"],"ability":"Full Metal Body","evs":{"hp":85,"atk":85,"def":85,"spa":85,"spd":85,"spe":85},"ivs":{"hp":31,"atk":31,"def":31,"spa":31,"spd":31,"spe":31},"item":"Choice Scarf","level":73,"shiny":false}],"p2team":[{"name":"Kartana","species":"Kartana","moves":["smartstrike","psychocut","sacredsword","swordsdance"],"ability":"Beast Boost","evs":{"hp":85,"atk":85,"def":85,"spa":85,"spd":85,"spe":85},"ivs":{"hp":31,"atk":31,"def":31,"spa":31,"spd":31,"spe":31},"item":"Life Orb","level":75,"shiny":false},{"name":"Hoopa","species":"Hoopa","moves":["psyshock","trick","shadowball","focusblast"],"ability":"Magician","evs":{"hp":85,"atk":0,"def":85,"spa":85,"spd":85,"spe":85},"ivs":{"hp":31,"atk":0,"def":31,"spa":31,"spd":31,"spe":31},"item":"Choice Scarf","level":79,"shiny":false},{"name":"Mudsdale","species":"Mudsdale","moves":["closecombat","earthquake","payback","heavyslam"],"ability":"Stamina","evs":{"hp":85,"atk":85,"def":85,"spa":85,"spd":85,"spe":85},"ivs":{"hp":31,"atk":31,"def":31,"spa":31,"spd":31,"spe":31},"item":"Choice Band","level":79,"shiny":false},{"name":"Arcanine","species":"Arcanine","moves":["flareblitz","crunch","extremespeed","closecombat"],"ability":"Intimidate","evs":{"hp":85,"atk":85,"def":85,"spa":85,"spd":85,"spe":85},"ivs":{"hp":31,"atk":31,"def":31,"spa":31,"spd":31,"spe":31},"item":"Choice Band","level":77,"shiny":false},{"name":"Silvally","species":"Silvally-Fairy","moves":["thunderwave","partingshot","flamethrower","multiattack"],"ability":"RKS System","evs":{"hp":85,"atk":85,"def":85,"spa":85,"spd":85,"spe":85},"ivs":{"hp":31,"atk":31,"def":31,"spa":31,"spd":31,"spe":31},"item":"Fairy Memory","level":79,"shiny":false},{"name":"Chesnaught","species":"Chesnaught","moves":["woodhammer","spikyshield","drainpunch","spikes"],"ability":"Bulletproof","evs":{"hp":85,"atk":85,"def":85,"spa":85,"spd":85,"spe":85},"ivs":{"hp":31,"atk":31,"def":31,"spa":31,"spd":31,"spe":31},"item":"Leftovers","level":79,"shiny":false}],"log":["|player|p1|cielbakasan|290","|player|p2|Blue Ghost Rider|274","|gametype|singles","|gen|7","|tier|[Gen 7] Random Battle","|rated","|seed|1371,63916,20595,53644,39913,14442,29381,54054,3822,7284,64060,46814","|rule|Sleep Clause Mod: Limit one foe put to sleep","|rule|HP Percentage Mod: HP is shown in percentages","|","|start","|switch|p1a: Infernape|Infernape, L77, M|100/100","|switch|p2a: Kartana|Kartana, L75|100/100","|turn|1","|choice|move flareblitz|move psychocut","|","|move|p1a: Infernape|Flare Blitz|p2a: Kartana","|-supereffective|p2a: Kartana","|-damage|p2a: Kartana|0 fnt","|-damage|p1a: Infernape|72/100|[from] recoil|[of] p2a: Kartana","|-damage|p1a: Infernape|62/100|[from] item: Life Orb","|faint|p2a: Kartana","|","|upkeep","|choice||switch 3","|","|switch|p2a: Mudsdale|Mudsdale, L79, M|100/100","|turn|2","|choice|switch 3|move earthquake","|","|switch|p1a: Shedinja|Shedinja, L79|100/100","|move|p2a: Mudsdale|Earthquake|p1a: Shedinja","|-immune|p1a: Shedinja|[msg]|[from] ability: Wonder Guard","|","|upkeep","|turn|3","|choice|move swordsdance|switch 4","|","|switch|p2a: Arcanine|Arcanine, L77, M|100/100","|-ability|p2a: Arcanine|Intimidate|boost","|-unboost|p1a: Shedinja|atk|1","|move|p1a: Shedinja|Swords Dance|p1a: Shedinja","|-boost|p1a: Shedinja|atk|2","|","|upkeep","|turn|4","|choice|move swordsdance|move flareblitz","|","|move|p2a: Arcanine|Flare Blitz|p1a: Shedinja","|-supereffective|p1a: Shedinja","|-crit|p1a: Shedinja","|-enditem|p1a: Shedinja|Focus Sash","|-damage|p1a: Shedinja|100/100","|move|p1a: Shedinja|Swords Dance|p1a: Shedinja","|-boost|p1a: Shedinja|atk|2","|","|upkeep","|turn|5","|choice|move shadowsneak|move flareblitz","|","|move|p1a: Shedinja|Shadow Sneak|p2a: Arcanine","|-damage|p2a: Arcanine|61/100","|move|p2a: Arcanine|Flare Blitz|p1a: Shedinja","|-supereffective|p1a: Shedinja","|-damage|p1a: Shedinja|0 fnt","|-damage|p2a: Arcanine|60/100|[from] recoil|[of] p1a: Shedinja","|faint|p1a: Shedinja","|","|upkeep","|choice|switch 2|","|","|switch|p1a: Tyrantrum|Tyrantrum, L79, M|100/100","|turn|6","|","|win|cielbakasan"],"p1rating":1045,"p2rating":1000,"endType":"forfeit","timestamp":"Thu Apr 20 2017 11:57:20 GMT+0000 (UTC)","id":"battle-gen7randombattle-261","format":"gen7randombattle"}